@article{likforman2013reconnaissance,
  title={Reconnaissance des formes-Th{\'e}orie et pratique sous Matlab-Cours et exercices corrig{\'e}s},
  author={Likforman-Sulem, Laurence and Smith, Elisa Barney},
  year={2013}
}
